@article {GidasNiNirenberg1979Symmetry,
    AUTHOR = {Gidas, B. and Ni, Wei Ming and Nirenberg, L.},
     TITLE = {Symmetry and related properties via the maximum principle},
   JOURNAL = {Comm. Math. Phys.},
  FJOURNAL = {Communications in Mathematical Physics},
    VOLUME = {68},
      YEAR = {1979},
    NUMBER = {3},
     PAGES = {209--243},
      ISSN = {0010-3616},
   MRCLASS = {35J25 (35B50)},
  MRNUMBER = {544879},
MRREVIEWER = {\`E. M. Saak},
       URL = {http://projecteuclid.org/euclid.cmp/1103905359},
}
@article {BerestyckiNirenberg1991method,
    AUTHOR = {Berestycki, H. and Nirenberg, L.},
     TITLE = {On the method of moving planes and the sliding method},
   JOURNAL = {Bol. Soc. Brasil. Mat. (N.S.)},
  FJOURNAL = {Boletim da Sociedade Brasileira de Matem\'{a}tica. Nova S\'{e}rie},
    VOLUME = {22},
      YEAR = {1991},
    NUMBER = {1},
     PAGES = {1--37},
      ISSN = {0100-3569},
   MRCLASS = {35J65 (35B05 35B50)},
  MRNUMBER = {1159383},
MRREVIEWER = {C. A. Swanson},
       DOI = {10.1007/BF01244896},
       URL = {https://doi.org/10.1007/BF01244896},
}
